@misc{wanikani,
  title = {WaniKani},
  author = {Tofugu},
  year = {n.d.},
  url = {https://www.wanikani.com/}
}

@article{the_do_nothing_group,
 ISSN = {00029556},
 URL = {http://www.jstor.org/stable/1422571},
 author = {Cameron J. Camp and Robert P. Markley and Jack J. Kramer},
 journal = {The American Journal of Psychology},
 number = {4},
 pages = {503--511},
 publisher = {University of Illinois Press},
 title = {Naive Mnemonics: What the "Do-Nothing" Control Group Does},
 urldate = {2023-04-05},
 volume = {96},
 year = {1983}
}


@article{putnam_2015,
author = {Putnam, Adam},
year = {2015},
month = {06},
pages = {130-139},
title = {Mnemonics in education: Current research and applications.},
volume = {1},
journal = {Translational Issues in Psychological Science},
doi = {10.1037/tps0000023}
}

@article{white_2014,
  author = {Holly White},
  title = {A Brief History of Mnemonics},
  journal = {Name of the journal},
  number = {Issue number},
  year = {2014},
  doi = {10.13140/RG.2.1.4469.4244}
}

@misc{major_system,
  author = "Jonathan Stroebele",
  title = "Major System Datenbank",
  year = "2013",
  url = "https://major-system.info/de/?w=cup"
}

@misc{record_decimal_pi,
  author = "Guinness World Records",
  title = "Most Pi places memorized",
  year = "2015",
  howpublished = "Blog post",
  url = "https://www.guinnessworldrecords.com/world-records/most-pi-placesmemorised"
}

@misc{record_recall_playing_cards,
  author = "Guinness Wolrd Records",
  title = "Fastest time to memorize and recall a deck of playing cards",
  year = "2017",
  howpublished = "Blog post",
  url = "https://www.guinnessworldrecords.com/world-records/67743-fastest-time-to-memorize-and-recall-a-deck-of-playing-cards"
}

@misc{how_to_become_a_memory_master,
  author = "Idriz Zogaj",
  title = "How to become a memory master",
  year = "2012",
  howpublished = "Online video",
  url = "https://youtu.be/9ebJlcZMx3c"
}

@article{einstein,
    author = "Albert Einstein",
    title = "{Zur Elektrodynamik bewegter K{\"o}rper}. ({German})
    [{On} the electrodynamics of moving bodies]",
    journal = "Annalen der Physik",
    volume = "322",
    number = "10",
    pages = "891--921",
    year = "1905",
    DOI = "http://dx.doi.org/10.1002/andp.19053221004",
    keywords = "physics"
}

@book{latexcompanion,
    author    = "Michel Goossens and Frank Mittelbach and Alexander Samarin",
    title     = "The \LaTeX\ Companion",
    year      = "1993",
    publisher = "Addison-Wesley",
    address   = "Reading, Massachusetts"
}

@article{greenwade93,
    author  = "George D. Greenwade",
    title   = "The {C}omprehensive {T}ex {A}rchive {N}etwork ({CTAN})",
    year    = "1993",
    journal = "TUGBoat",
    volume  = "14",
    number  = "3",
    pages   = "342--351"
}
